% The BibTeX database

% a sample entry
@article{liu-layland-1973,
   author = {C. L. Liu and James W. Layland},
   title = {Scheduling Algorithms for Multiprogramming in a Hard-Real-Time Environment},
   journal = {Journal of the ACM},
   volume = 20,
   number = 1,
   year = 1973,
   issn = {0004-5411},
   pages = {46--61},
   doi = {http://doi.acm.org/10.1145/321738.321743},
   publisher = {ACM},
   address = {New York, NY, USA},
}
